@inproceedings{Chae23,
  title   = {Two-timescale Extragradient for Finding Local Minimax Points},
  author  = {Chae, Jiseok and Kim, Kyuwon and Kim, Donghwan},
  booktitle = {The Twelfth International Conference on Learning Representations},
  year    = {2024}
}

@inproceedings{Fiez21,
  title     = {Local convergence analysis of gradient descent ascent with finite timescale separation},
  author    = {Fiez, Tanner and Ratliff, Lillian J.},
  booktitle = {International Conference on Learning Representations},
  year      = {2021}
}
 
@book{Galo07,
  title     = {Discrete dynamical systems},
  author    = {Galor, Oded},
  year      = {2007},
  publisher = {Springer-Verlag}
}

@inproceedings{Jin20,
  title        = {What is local optimality in nonconvex-nonconcave minimax optimization?},
  author       = {Jin, Chi and Netrapalli, Praneeth and Jordan, Michael},
  booktitle    = {International Conference on Machine Learning},
  pages        = {4880--4889},
  year         = {2020},
  organization = {PMLR}
}

@inproceedings{Mesc18,
  title        = {Which training methods for {GAN}s do actually converge?},
  author       = {Mescheder, Lars and Geiger, Andreas and Nowozin, Sebastian},
  booktitle    = {International Conference on Machine Learning},
  pages        = {3481--3490},
  year         = {2018},
  organization = {PMLR}
}
