@article{chae2024two,
  abbr={ICLR 24},
	bibtex_show={true},
  title={Two-timescale Extragradient for Finding Local Minimax Points},
  author={Chae, Jiseok and Kim, Kyuwon and Kim, Donghwan},
  journal={The Twelfth International Conference on Learning Representations},
  arxiv={2305.16242},
  year={2024},
  selected={true}
}

@inproceedings{chae2023open,
  abbr={COLT 23},
	bibtex_show={true},
  title={Open Problem: Is There a First-Order Method that Only Converges to Local Minimax Optima?},
  author={Chae, Jiseok and Kim, Kyuwon and Kim, Donghwan},
  booktitle={The Thirty Sixth Annual Conference on Learning Theory},
  pages={5957--5964},
  year={2023},
  html={https://proceedings.mlr.press/v195/chae23a.html},
  organization={PMLR},
}

@article{lee2023heaan,
  abbr={TDSC},
	bibtex_show={true},
  title={HEaaN-STAT: a privacy-preserving statistical analysis toolkit for large-scale numerical, ordinal, and categorical data},
  author={Lee, Younho and Seo, Jinyeong and Nam, Yujin and Chae, Jiseok and Cheon, Jung Hee},
  journal={IEEE Transactions on Dependable and Secure Computing},
  year={2023},
  html={https://ieeexplore.ieee.org/document/10123977},
  publisher={IEEE}  
}
